@article{Markowitz1,
  title={Portfolio selection},
  author={Markowitz, H. M.},
  journal={The journal of finance},
  volume={7},
  number={1},
  pages={77--91},
  year={1952},
  publisher={Wiley Online Library}
}
@book{Markowitz2,
 ISBN = {9780300013726},
 URL = {http://www.jstor.org/stable/j.ctt1bh4c8h},
 abstract = {<p>Applies modern techniques of analysis and computation to the problem of finding combinations of securities that best meet the needs of the private institutional investor. Written primarily with the nonmathematician in mind, although it contains mathematical development of the subject in appendixes.</p>},
 author = {H. M. Markowitz},
 publisher = {Yale University Press},
 title = {Portfolio Selection: Efficient Diversification of Investments},
 year = {1959}
}
@article{Black,
author = {Black, F. and Litterman, R.},
title = {Global Portfolio Optimization},
journal = {Financial Analysts Journal},
volume = {48},
number = {5},
pages = {28-43},
year = {1992},
doi = {10.2469/faj.v48.n5.28},

URL = { 
        https://doi.org/10.2469/faj.v48.n5.28
    
},
eprint = { 
        https://doi.org/10.2469/faj.v48.n5.28
    
}

}
@article{Michaud,
 ISSN = {0015198X},
 URL = {http://www.jstor.org/stable/4479185},
 author = {R. O. Michaud},
 journal = {Financial Analysts Journal},
 number = {1},
 pages = {31--42},
 publisher = {CFA Institute},
 title = {The Markowitz Optimization Enigma: Is 'Optimized' Optimal?},
 volume = {45},
 year = {1989}
}
@Article{Broadie,
author="Broadie, M.",
title="Computing efficient frontiers using estimated parameters",
journal="Annals of Operations Research",
year="1993",
month="Dec",
day="01",
volume="45",
number="1",
pages="21--58",
issn="1572-9338",
doi="10.1007/BF02282040",
url="https://doi.org/10.1007/BF02282040"
}
@article {Chopra,
	author = {Chopra, V. K. and Ziemba, W. T.},
	title = {The Effect of Errors in Means, Variances, and Covariances on Optimal Portfolio Choice},
	volume = {19},
	number = {2},
	pages = {6--11},
	year = {1993},
	doi = {10.3905/jpm.1993.409440},
	publisher = {Institutional Investor Journals Umbrella},
	issn = {0095-4918},
	URL = {http://jpm.iijournals.com/content/19/2/6},
	eprint = {http://jpm.iijournals.com/content/19/2/6.full.pdf},
	journal = {The Journal of Portfolio Management}
}
@article{Best1,
 ISSN = {08939454, 14657368},
 URL = {http://www.jstor.org/stable/2962107},
 author = {M. J. Best and R. R. Grauer},
 journal = {The Review of Financial Studies},
 number = {2},
 pages = {315--342},
 publisher = {[Oxford University Press, Society for Financial Studies]},
 title = {On the Sensitivity of Mean-Variance-Efficient Portfolios to Changes in Asset Means: Some Analytical and Computational Results},
 volume = {4},
 year = {1991}
}
@article{Best2,
 ISSN = {00251909, 15265501},
 URL = {http://www.jstor.org/stable/2632559},
 author = {M. J. Best and R. R. Grauer},
 journal = {Management Science},
 number = {8},
 pages = {980--989},
 publisher = {INFORMS},
 title = {Sensitivity Analysis for Mean-Variance Portfolio Problems},
 volume = {37},
 year = {1991}
}
@Article{Ceria,
author="Ceria, S.
and Stubbs, R. A.",
title="Incorporating estimation errors into portfolio selection: Robust portfolio construction",
journal="Journal of Asset Management",
year="2006",
month="Jul",
day="01",
volume="7",
number="2",
pages="109--127",
issn="1479-179X",
doi="10.1057/palgrave.jam.2240207",
url="https://doi.org/10.1057/palgrave.jam.2240207"
}
@Article{Scherer,
author="Scherer, B.",
title="Can robust portfolio optimisation help to build better portfolios?",
journal="Journal of Asset Management",
year="2007",
month="Mar",
day="01",
volume="7",
number="6",
pages="374--387",
issn="1479-179X",
doi="10.1057/palgrave.jam.2250049",
url="https://doi.org/10.1057/palgrave.jam.2250049"
}


@article{santos,
	author = {A. Santos},
	title = {The Out-of-Sample Performance of Robust Portfolio Optimization},
	journal = {Brazilian Review of Finance},
	volume = {8},
	number = {2},
	year = {2010},
	keywords = {Finance; Numeric Methods; Investment Management},
	issn = {1984-5146},
	url = {http://bibliotecadigital.fgv.br/ojs/index.php/rbfin/article/view/1489},
	pages = {141--166}
}

@Article{Goldfarb,
author="Goldfarb, D.
and Iyengar, G.",
title="Robust convex quadratically constrained programs",
journal="Mathematical Programming",
year="2003",
month="Aug",
day="01",
volume="97",
number="3",
pages="495--515",
doi="10.1007/s10107-003-0425-3",
url="https://doi.org/10.1007/s10107-003-0425-3"
}

@article{soyster,
 ISSN = {0030364X, 15265463},
 URL = {http://www.jstor.org/stable/168933},
 author = {A. L. Soyster},
 journal = {Operations Research},
 number = {5},
 pages = {1154--1157},
 publisher = {INFORMS},
 title = {Convex Programming with Set-Inclusive Constraints and Applications to Inexact Linear Programming},
 volume = {21},
 year = {1973}
}

@book{stochastic_prog,
  Author = {J. R. Birge and F. Louveaux},
  Title = {Introduction to Stochastic Programming (Springer Series in Operations Research and Financial Engineering)},
  Publisher = {Springer},
  Year = {2011},
  ISBN = {},
  URL = {https://www.amazon.com/Introduction-Stochastic-Programming-Operations-Engineering-ebook/dp/B00FBQZ2ZQ?SubscriptionId=AKIAIOBINVZYXZQZ2U3A&tag=chimbori05-20&linkCode=xm2&camp=2025&creative=165953&creativeASIN=B00FBQZ2ZQ}
}

@article{elg_lsq,
author = {Ghaoui, L. E. and Lebret, H.},
title = {Robust Solutions to Least-Squares Problems with Uncertain Data},
journal = {SIAM Journal on Matrix Analysis and Applications},
volume = {18},
number = {4},
pages = {1035-1064},
year = {1997},
doi = {10.1137/S0895479896298130},

URL = { 
        https://doi.org/10.1137/S0895479896298130
    
},
eprint = { 
        https://doi.org/10.1137/S0895479896298130
    
}
}

@article{elg_semidefinite,
author = {Ghaoui, L. E. and Oustry, F. and Lebret, H.},
title = {Robust Solutions to Uncertain Semidefinite Programs},
journal = {SIAM Journal on Optimization},
volume = {9},
number = {1},
pages = {33-52},
year = {1998},
doi = {10.1137/S1052623496305717},

URL = { 
        https://doi.org/10.1137/S1052623496305717
    
},
eprint = { 
        https://doi.org/10.1137/S1052623496305717
    
}

}

@article{bental_rc,
 ISSN = {0364765X, 15265471},
 URL = {http://www.jstor.org/stable/3690632},
 author = {A. Ben-Tal and A. Nemirovski},
 journal = {Mathematics of Operations Research},
 number = {4},
 pages = {769--805},
 publisher = {INFORMS},
 title = {Robust Convex Optimization},
 volume = {23},
 year = {1998}
}
@article{bental_interior,
 author = {Ben-Tal, A. and Nemirovski, A.},
 title = {Robust Solutions of Uncertain Linear Programs},
 journal = {Oper. Res. Lett.},
 issue_date = {August, 1999},
 volume = {25},
 number = {1},
 month = aug,
 year = {1999},
 issn = {0167-6377},
 pages = {1--13},
 numpages = {13},
 url = {http://dx.doi.org/10.1016/S0167-6377(99)00016-4},
 doi = {10.1016/S0167-6377(99)00016-4},
 acmid = {2308590},
 publisher = {Elsevier Science Publishers B. V.},
 address = {Amsterdam, The Netherlands, The Netherlands},
 keywords = {Convex programming, Data uncertainty, Interior-point methods, Linear programming, Robustness},
}
@book{fabozzi,
  Author = {F. J. Fabozzi and P. N. Kolm and D. Pachamanova and S. M. Focardi},
  Title = {Robust Portfolio Optimization and Management},
  Publisher = {Wiley},
  Year = {2007},
  ISBN = {047192122X},
  URL = {https://www.amazon.com/Robust-Portfolio-Optimization-Management-Fabozzi/dp/047192122X?SubscriptionId=AKIAIOBINVZYXZQZ2U3A&tag=chimbori05-20&linkCode=xm2&camp=2025&creative=165953&creativeASIN=047192122X}
}
@article{tutuncu,
  title={Robust asset allocation},
  author={T{\"u}t{\"u}nc{\"u}, R. H. and Koenig, M.},
  journal={Annals of Operations Research},
  volume={132},
  number={1-4},
  pages={157--187},
  year={2004},
  publisher={Springer}
}
@article{goldfarb2,
  title={Robust portfolio selection problems},
  author={Goldfarb, D. and Iyengar, G.},
  journal={Mathematics of operations research},
  volume={28},
  number={1},
  pages={1--38},
  year={2003},
  publisher={INFORMS}
}
@article{lu,
  title={A new cone programming approach for robust portfolio selection},
  author={Lu, Z.},
  journal={Optim. Methods Softw.},
  volume={26},
  number={1},
  pages={89--104},
  year={2006}
}
@article{delage,
  title={Distributionally robust optimization under moment uncertainty with application to data-driven problems},
  author={Delage, E. and Ye, Y.},
  journal={Operations research},
  volume={58},
  number={3},
  pages={595--612},
  year={2010},
  publisher={INFORMS}
}
@misc{yf,
title={Yahoo Finance},
note = {\href{https://in.finance.yahoo.com/}{\url{https://in.finance.yahoo.com/}}}
}
@misc{rbi,
title={Reserve Bank of India - Weekly Statistical Supplement},
note = {\href{https://www.rbi.org.in/scripts/WSSViewDetail.aspx?TYPE=Section&PARAM1=4\%0A}{\url{https://www.rbi.org.in/scripts/WSSViewDetail.aspx?TYPE=Section&PARAM1=4\%0A}}}
}
@misc{vro,
title={{Portfolios: do number of stocks matter?}},
note = {\href{https://www.valueresearchonline.com/story/h2_storyView.asp?str=200396&fbclid=IwAR3YkUaNLCY3keZGXfooehh0WU90zkZ5s94h0Uazj1-rzOFSy5bw6R1E-MY}{\url{https://www.valueresearchonline.com/story/h2_storyView.asp?str=200396&fbclid=IwAR3YkUaNLCY3keZGXfooehh0WU90zkZ5s94h0Uazj1-rzOFSy5bw6R1E-MY}}}
}
